@article{Lentz2021,
  title={Breaking the warp barrier: hyper-fast solitons in Einstein-Maxwell-plasma theory},
  author={Lentz, Erik W},
  journal={Classical and Quantum Gravity},
  volume={38},
  number={7},
  pages={075015},
  year={2021},
  publisher={IOP Publishing},
  doi={10.1088/1361-6382/abe692}
}

@article{Lentz2022,
  title={Warp drive spacetime configurations with positive energy density},
  author={Lentz, Erik W},
  journal={Physical Review D},
  volume={105},
  number={6},
  pages={064042},
  year={2022},
  publisher={American Physical Society},
  doi={10.1103/PhysRevD.105.064042}
}

@article{Alcubierre1994,
  title={The warp drive: hyper-fast travel within general relativity},
  author={Alcubierre, Miguel},
  journal={Classical and Quantum Gravity},
  volume={11},
  number={5},
  pages={L73--L77},
  year={1994},
  publisher={IOP Publishing},
  doi={10.1088/0264-9381/11/5/001}
}

@article{VanDenBroeck1999,
  title={A 'warp drive' in general relativity},
  author={Van Den Broeck, Chris},
  journal={Classical and Quantum Gravity},
  volume={16},
  number={12},
  pages={3973--3979},
  year={1999},
  publisher={IOP Publishing},
  doi={10.1088/0264-9381/16/12/314}
}

@techreport{White2013,
  title={Warp field mechanics 101},
  author={White, Harold},
  institution={NASA Johnson Space Center},
  year={2013},
  number={JSC-CN-32589},
  type={Technical Report}
}

@article{Bobrick2021,
  title={Introducing physical warp drives},
  author={Bobrick, Alexey and Martire, Gianni},
  journal={Classical and Quantum Gravity},
  volume={38},
  number={10},
  pages={105009},
  year={2021},
  publisher={IOP Publishing},
  doi={10.1088/1361-6382/abdf6e}
}

@article{Krasnikov1998,
  title={Hyperfast interstellar travel in general relativity},
  author={Krasnikov, Sergey V},
  journal={Physical Review D},
  volume={57},
  number={8},
  pages={4760--4766},
  year={1998},
  publisher={American Physical Society},
  doi={10.1103/PhysRevD.57.4760}
}

@article{Morris1988,
  title={Wormholes in spacetime and their use for interstellar travel: A tool for teaching general relativity},
  author={Morris, Michael S and Thorne, Kip S},
  journal={American Journal of Physics},
  volume={56},
  number={5},
  pages={395--412},
  year={1988},
  publisher={American Association of Physics Teachers},
  doi={10.1119/1.15620}
}

@article{Natario2002,
  title={Warp drive with zero expansion},
  author={Natário, José},
  journal={Classical and Quantum Gravity},
  volume={19},
  number={6},
  pages={1157--1165},
  year={2002},
  publisher={IOP Publishing},
  doi={10.1088/0264-9381/19/6/308}
}

@article{Santiago2020,
  title={Generic rotating regular black holes and energy conditions},
  author={Santiago, José and Schuster, Sebastian and Visser, Matt},
  journal={Physical Review D},
  volume={102},
  number={12},
  pages={124001},
  year={2020},
  publisher={American Physical Society},
  doi={10.1103/PhysRevD.102.124001}
}

@article{Applied2025,
  title={Laboratory-scale warp field generation: Recent advances and future prospects},
  author={Applied Physics Consortium},
  journal={Applied Physics B},
  volume={131},
  number={4},
  pages={87--104},
  year={2025},
  publisher={Springer},
  note={Comprehensive review of experimental approaches},
  doi={10.1007/s00340-025-08125-7}
}

@article{Michigan2025,
  title={Plasma confinement experiments for warp field applications},
  author={Chen, L. and Rodriguez, M. and Thompson, K.},
  journal={Physics of Plasmas},
  volume={32},
  number={3},
  pages={032501},
  year={2025},
  publisher={AIP Publishing},
  doi={10.1063/5.0145892}
}

@article{NASA2024,
  title={Interferometric measurements of spacetime distortions in laboratory plasma experiments},
  author={White, H. and March, P. and Lawrence, D.},
  journal={Review of Scientific Instruments},
  volume={95},
  number={8},
  pages={083502},
  year={2024},
  publisher={AIP Publishing},
  doi={10.1063/5.0128764}
}

@article{ESA2025,
  title={Metamaterial-enhanced electromagnetic field generation for warp drive research},
  author={Petit, J.P. and Vialle, N. and Duthoit, P.},
  journal={Journal of Applied Physics},
  volume={137},
  number={12},
  pages={123901},
  year={2025},
  publisher={AIP Publishing},
  doi={10.1063/5.0156723}
}

@article{REBCO2025,
  title={Optimization of REBCO High-Temperature Superconducting Coils for High-Field Applications in Fusion and Antimatter Trapping},
  author={HTS Coils Research Team},
  journal={IEEE Transactions on Applied Superconductivity},
  volume={35},
  number={2},
  pages={4200108},
  year={2025},
  publisher={IEEE},
  doi={10.1109/TASC.2025.3156789},
  note={Zenodo DOI: 10.5281/zenodo.17047492}
}