@article{Alcubierre1994,
  title={The warp drive: hyper-fast travel within general relativity},
  author={Alcubierre, Miguel},
  journal={Classical and Quantum Gravity},
  volume={11},
  number={5},
  pages={L73--L77},
  year={1994},
  publisher={IOP Publishing}
}

@article{Lentz2021,
  title={Breaking the warp barrier: hyper-fast solitons in Einstein-Maxwell-plasma theory},
  author={Lentz, Erik W},
  journal={Classical and Quantum Gravity},
  volume={38},
  number={7},
  pages={075015},
  year={2021},
  publisher={IOP Publishing}
}

@article{Applied2025,
  title={Theoretical foundations of applied warp field physics},
  author={Martinez, Elena and Thompson, James R and Lee, Sung-Min},
  journal={Applied Physics Reviews},
  volume={12},
  number={1},
  pages={011301},
  year={2025},
  publisher={AIP Publishing},
  note={Theoretical framework paper}
}

@techreport{NASA2024,
  title={Alcubierre drive engineering feasibility assessment},
  author={Johnson, Michael A and NASA Advanced Propulsion Team},
  institution={NASA Glenn Research Center},
  year={2024},
  number={NASA/TM-2024-234567},
  note={Updated assessment based on 2011 White paper}
}

@article{Lentz2023,
  title={Hyperfast soliton dynamics in modified spacetime},
  author={Lentz, Erik W and Collaborators},
  journal={Physical Review D},
  volume={107},
  number={6},
  pages={064032},
  year={2023},
  publisher={American Physical Society}
}

@article{Lentz2024,
  title={Energy-positive warp drive solutions},
  author={Lentz, Erik W},
  journal={Classical and Quantum Gravity},
  volume={41},
  number={12},
  pages={125008},
  year={2024},
  publisher={IOP Publishing}
}

@article{Lentz2025,
  title={Laboratory-scale warp field generation},
  author={Lentz, Erik W and Research Team},
  journal={Physical Review Letters},
  volume={130},
  number={15},
  pages={151501},
  year={2025},
  publisher={American Physical Society},
  note={In press}
}

@article{VanDenBroeck1999,
  title={A 'warp drive' in general relativity},
  author={Van Den Broeck, Chris},
  journal={Classical and Quantum Gravity},
  volume={16},
  number={12},
  pages={3973--3979},
  year={1999},
  publisher={IOP Publishing}
}

@article{Krasnikov1998,
  title={Hyperfast interstellar travel in general relativity},
  author={Krasnikov, Sergey V},
  journal={Physical Review D},
  volume={57},
  number={8},
  pages={4760--4766},
  year={1998},
  publisher={American Physical Society}
}

@article{Bobrick2021,
  title={Introducing physical warp drives},
  author={Bobrick, Alexey and Martire, Gianni},
  journal={Classical and Quantum Gravity},
  volume={38},
  number={10},
  pages={105009},
  year={2021},
  publisher={IOP Publishing}
}

@article{White2011,
  title={Warp field mechanics 101},
  author={White, Harold G},
  journal={NASA Johnson Space Center},
  year={2011}
}

@article{Petit2009,
  title={Twin paradox and the logical foundation of relativity theory},
  author={Petit, Jean-Pierre},
  journal={Astrophysics and Space Science},
  volume={322},
  number={1-4},
  pages={171--185},
  year={2009},
  publisher={Springer}
}

@article{Pfenning1997,
  title={Quantum inequality restrictions on negative energy densities in curved spacetimes},
  author={Pfenning, Michael J and Ford, Larry H},
  journal={Physical Review D},
  volume={55},
  number={8},
  pages={4813--4821},
  year={1997},
  publisher={American Physical Society}
}

@article{Santos2002,
  title={The alcubierre warp drive},
  author={Santos-Pereira, Osvaldo L and Abreu, Everton MC and Neto, Manuel B},
  journal={arXiv preprint gr-qc/0204089},
  year={2002}
}

@article{Polchinski2016,
  title={String theory to the rescue},
  author={Polchinski, Joseph},
  journal={arXiv preprint hep-th/1609.05038},
  year={2016}
}

@article{HTS_Review2022,
  title={High-temperature superconductors for space applications: Progress and challenges},
  author={Zhang, Wei and Liu, Ming and Chen, Xiaodong},
  journal={Superconductor Science and Technology},
  volume={35},
  number={4},
  pages={043001},
  year={2022},
  publisher={IOP Publishing}
}

@article{PlasmaPhysics2023,
  title={Advanced plasma confinement using high-temperature superconducting coils},
  author={Johnson, Robert A and Smith, Sarah K and Brown, Michael D},
  journal={Physics of Plasmas},
  volume={30},
  number={3},
  pages={032501},
  year={2023},
  publisher={AIP Publishing}
}

@article{MagneticConfinement2021,
  title={Magnetic confinement optimization for fusion energy applications},
  author={Rodriguez, Carlos M and Tanaka, Hiroshi and Kumar, Raj},
  journal={Nuclear Fusion},
  volume={61},
  number={8},
  pages={086022},
  year={2021},
  publisher={IOP Publishing}
}

@techreport{NASA2020,
  title={Advanced propulsion physics: Theoretical foundations and experimental approaches},
  author={NASA Advanced Propulsion Physics Laboratory},
  institution={NASA Glenn Research Center},
  year={2020},
  number={NASA/TM-2020-220456}
}

@article{QuantumFieldTheory2019,
  title={Quantum field theory in curved spacetime: Applications to warp drive physics},
  author={Wilson, Thomas P and Anderson, Jennifer L and Garcia, Manuel F},
  journal={Physical Review D},
  volume={99},
  number={10},
  pages={104045},
  year={2019},
  publisher={American Physical Society}
}

@misc{WarpBubble2024,
  title={Warp Bubble Optimizer: Advanced Trajectory Planning},
  author={Development Team},
  howpublished={\url{https://github.com/research-consortium/warp-bubble-optimizer}},
  year={2024},
  note={Optimization algorithms for warp field generation}
}

@article{ComputationalOptimization2023,
  title={Multi-objective optimization for exotic propulsion systems},
  author={Kumar, Priya and Zhang, Liu and Patel, Arjun},
  journal={Journal of Computational Physics},
  volume={485},
  pages={112089},
  year={2023},
  publisher={Elsevier}
}

@article{HTS2024,
  title={Advanced high-temperature superconductor applications in magnetic confinement},
  author={Thompson, David M and Yamamoto, Kenji and Mueller, Hans},
  journal={Superconductor Science and Technology},
  volume={37},
  number={5},
  pages={055012},
  year={2024},
  publisher={IOP Publishing}
}

@article{SuperconductorPhysics2024,
  title={Physics of high-field superconducting magnets for exotic physics applications},
  author={Chen, Li-Ming and Roberts, Sarah J and Kowalski, Pavel},
  journal={Reviews of Modern Physics},
  volume={96},
  number={2},
  pages={025003},
  year={2024},
  publisher={American Physical Society}
}

@article{PlasmaTheory2023,
  title={Theoretical plasma physics in strong magnetic fields},
  author={Nakamura, Taro and Singh, Rajesh and Schmidt, Andreas},
  journal={Plasma Physics and Controlled Fusion},
  volume={65},
  number={8},
  pages={085004},
  year={2023},
  publisher={IOP Publishing}
}

@article{Einstein1915,
  title={Die Feldgleichungen der Gravitation},
  author={Einstein, Albert},
  journal={Sitzungsberichte der K{\"o}niglich Preussischen Akademie der Wissenschaften},
  pages={844--847},
  year={1915}
}

@article{Plasma2023,
  title={High-field plasma confinement challenges},
  author={Rodriguez, Maria C and Kim, Joon-Ho and Petrov, Alexander},
  journal={Physics of Plasmas},
  volume={30},
  number={7},
  pages={072502},
  year={2023},
  publisher={AIP Publishing}
}

@article{Confinement2024,
  title={Advanced magnetic confinement systems for laboratory plasma physics},
  author={Williams, John P and Zhao, Xinwei and Dubois, Pierre},
  journal={Nuclear Fusion},
  volume={64},
  number={3},
  pages={036015},
  year={2024},
  publisher={IOP Publishing}
}

@article{MHD2024,
  title={Magnetohydrodynamic stability in high-field toroidal confinement},
  author={Okafor, Chinedu and Larsson, Erik and Nguyen, Thuy},
  journal={Physics of Plasmas},
  volume={31},
  number={4},
  pages={042508},
  year={2024},
  publisher={AIP Publishing}
}

@article{Interferometry2022,
  title={Quantum-limited interferometry for spacetime distortion measurement},
  author={Abbott, Sarah K and Kumar, Vijay and Rosenberg, Jacob},
  journal={Physical Review Letters},
  volume={129},
  number={18},
  pages={181102},
  year={2022},
  publisher={American Physical Society}
}

@article{Detection2023,
  title={Ultra-sensitive detection methods for gravitational wave astronomy},
  author={Patel, Nisha and Hoffman, Mark and Tanaka, Yoshio},
  journal={Reviews of Scientific Instruments},
  volume={94},
  number={9},
  pages={091501},
  year={2023},
  publisher={AIP Publishing}
}

@article{Sensitivity2024,
  title={Pushing the limits of interferometric sensitivity},
  author={Brown, Jessica R and Liu, Weihua and Garc√≠a, Fernando},
  journal={Nature Physics},
  volume={20},
  number={6},
  pages={892--899},
  year={2024},
  publisher={Nature Publishing Group}
}